@inproceedings{souza13adding,
  author    = {Higor Amario de Souza and
               Marcos Lordello Chaim},
  title     = {Adding context to fault localization with integration coverage},
  booktitle = {Proceeding of the 8th IEEE/ACM International Conference on Automated
               Software Engineering, ASE 2013},
  year      = {2013},
  pages     = {628-633},
publisher = {IEEE},
}
@article{rapps85dataflow,
  author    = {Sandra Rapps and
               Elaine J. Weyuker},
  title     = {Selecting Software Test Data Using Data Flow Information},
  journal   = {IEEE Trans. Software Eng.},
  volume    = {11},
  number    = {4},
  year      = {1985},
  pages     = {367-375},
  ee        = {http://doi.ieeecomputersociety.org/10.1109/TSE.1985.232226},
  bibsource = {DBLP, http://dblp.uni-trier.de}
}

@inproceedings{erra2012towards,
  title={Towards the visualization of software systems as 3d forests: the codetrees environment},
  author={Erra, U. and Scanniello, G.},
  booktitle={Proceedings of the 27th Annual ACM Symposium on Applied Computing},
  pages={981--988},
  year={2012},
  organization={ACM}
}

@inproceedings{graham2004solar,
  title={A solar system metaphor for 3D visualisation of object oriented software metrics},
  author={Graham, H. and Yang, H.Y. and Berrigan, R.},
  booktitle={Proceedings of the 2004 Australasian symposium on Information Visualisation-Volume 35},
  pages={53--59},
  year={2004},
  organization={Australian Computer Society, Inc.}
}

@inproceedings{wettel2007program,
  title={Program comprehension through software habitability},
  author={Wettel, R. and Lanza, M.},
  booktitle={Program Comprehension, 2007. ICPC'07. 15th IEEE International Conference on},
  pages={231--240},
  year={2007},
  organization={IEEE}
}

@inproceedings{kleiberg2001botanical,
  title={Botanical visualization of huge hierarchies},
  author={Kleiberg, E. and Van De Wetering, H. and Van Wijk, J.J.},
  booktitle={Proceedings of the IEEE Symposium on Information Visualization},
  pages={87},
  year={2001}
}

@inproceedings{panas20033d,
  title={A 3d metaphor for software production visualization},
  author={Panas, T. and Berrigan, R. and Grundy, J.},
  booktitle={Information Visualization, 2003. IV 2003. Proceedings. Seventh International Conference on},
  pages={314--319},
  year={2003},
  organization={IEEE}
}

@inproceedings{jones2002visualization,
  title={Visualization of test information to assist fault localization},
  author={Jones, J.A. and Harrold, M.J. and Stasko, J.},
  booktitle={Proceedings of the 24th international conference on Software engineering},
  pages={467--477},
  year={2002},
  organization={ACM}
}

@inproceedings{parnin2011automated,
  title={Are automated debugging techniques actually helping programmers?},
  author={Parnin, C. and Orso, A.},
  booktitle={Proceedings of the 2011 International Symposium on Software Testing and Analysis},
  pages={199--209},
  year={2011},
  organization={ACM}
}

@inproceedings{jones2007,
 author = {Jones, James A. and Bowring, James F. and Harrold, Mary Jean},
 title = {Debugging in Parallel},
 booktitle = {Proceedings of the 2007 international symposium on Software testing and analysis},
 series = {ISSTA '07},
 year = {2007},
 isbn = {978-1-59593-734-6},
 location = {London, United Kingdom},
 pages = {16--26},
 numpages = {11},
 url = {http://doi.acm.org/10.1145/1273463.1273468},
 doi = {http://doi.acm.org/10.1145/1273463.1273468},
 acmid = {1273468},
 publisher = {ACM},
 address = {New York, NY, USA},
 keywords = {automated debugging, empirical study, execution clustering, fault localization, program analysis},
}

@InProceedings{agrawal1995,
  author =   {H. Agrawal  and J. R. Horgan  and S. London and W. E. Wong},
  title =    {Fault Localization using Execution Slices and Dataflow Tests},
  booktitle =    {Proceedings 6th International Symposium on Software Reliability Engineering (ISSRE 1995)},
  pages =    {143-151},
  year = {1995}
}

@incollection {wotawa2002,
   author = {Wotawa, Franz and Stumptner, Markus and Mayer, Wolfgang},
   affiliation = {Graz University of Technology Institute for Software Technology Inffeldgasse 16b/11 A-8010 Graz Austria},
   title = {Model-Based Debugging or How to Diagnose Programs Automatically},
   booktitle = {Developments in Applied Artificial Intelligence},
   series = {Lecture Notes in Computer Science},
   editor = {Hendtlass, Tim and Ali, Moonis},
   publisher = {Springer Berlin / Heidelberg},
   isbn = {978-3-540-43781-9},
   keyword = {Computer Science},
   pages = {243-257},
   volume = {2358},
   url = {http://dx.doi.org/10.1007/3-540-48035-8\_72},
   note = {10.1007/3-540-48035-8\_72},
   year = {2002}
}

@inproceedings{zeller2002,
  author    = {Andreas Zeller},
  title     = {Isolating cause-effect chains from computer programs.},
  booktitle = {Proceedings of the Tenth ACM SIGSOFT Symposium on Foundations of Software Engineering (FSE)},
  year      = {2002},
  pages     = {1-10}
}

@article{renieris2003, 
  author={Renieris, Manos and Reiss, Steven P}, 
  title={Fault localization with nearest neighbor queries}, 
  volume={0}, 
  url={http://ieeexplore.ieee.org/lpdocs/epic03/wrapper.htm?arnumber=1240292}, 
  journal={18th IEEE International Conference on Automated Software Engineering 2003 Proceedings}, 
  publisher={IEEE Comput. Soc}, 
  year={2003}, 
  pages={30--39}
}

@article{eick1992seesoft,
  title={Seesoft-a tool for visualizing line oriented software statistics},
  author={Eick, SC and Steffen, J.L. and Sumner Jr, E.E.},
  journal={Software Engineering, IEEE Transactions on},
  volume={18},
  number={11},
  pages={957--968},
  year={1992},
  publisher={IEEE}
}

@article{ogawa2009code_swarm,
  title={code\_swarm: A design study in organic software visualization},
  author={Ogawa, M. and Ma, K.L.},
  journal={Visualization and Computer Graphics, IEEE Transactions on},
  volume={15},
  number={6},
  pages={1097--1104},
  year={2009},
  publisher={IEEE}
}

@phdthesis{fry2000organic,
  title={Organic information design},
  author={Fry, B.J.},
  year={2000},
  school={Citeseer}
}

@inproceedings{yoshimura2012visualizing,
  title={Visualizing code clone outbreak: An industrial case study},
  author={Yoshimura, K. and Mibe, R.},
  booktitle={Software Clones (IWSC), 2012 6th International Workshop on},
  pages={96--97},
  year={2012},  organization={IEEE}
}

@inproceedings{orso2004gammatella,
  title={Gammatella: Visualization of program-Execution data for deployed software},
  author={Orso, A. and Jones, J.A. and Harrold, M.J. and Stasko, J.},
  booktitle={Proceedings of the 26th International Conference on Software Engineering},
  pages={699--700},
  year={2004},
  organization={IEEE Computer Society}
}

@article{shneiderman1992tree,
  title={Tree visualization with tree-maps: 2-d space-filling approach},
  author={Shneiderman, B.},
  journal={ACM Transactions on graphics (TOG)},
  volume={11},
  number={1},
  pages={92--99},
  year={1992},
  publisher={ACM}
}

@article{kaser2007tag,
  title={Tag-cloud drawing: Algorithms for cloud visualization},
  author={Kaser, O. and Lemire, D.},
  journal={arXiv preprint cs/0703109},
  year={2007}
}

@inproceedings{anslow2008towards,
  title={Towards end-user web software visualization},
  author={Anslow, C. and Noble, J. and Marshall, S. and Tempero, E.},
  booktitle={Visual Languages and Human-Centric Computing, 2008. VL/HCC 2008. IEEE Symposium on},
  pages={256--257},
  year={2008},
  organization={IEEE}
}

@inproceedings{balzer2005voronoi,
  title={Voronoi treemaps for the visualization of software metrics},
  author={Balzer, M. and Deussen, O. and Lewerentz, C.},
  booktitle={Proceedings of the 2005 ACM symposium on Software visualization},
  pages={165--172},
  year={2005},
  organization={ACM}
}

@book{gosling2005java,
  title={Java (TM) Language Specification, The (Java (Addison-Wesley))},
  author={Gosling, J. and Joy, B. and Steele, G. and Bracha, G.},
  year={2005},
  publisher={Addison-Wesley Professional}
}

@book{zeller2009programs,
  title={Why programs fail: a guide to systematic debugging},
  author={Zeller, Andreas},
  year={2009},
  publisher={Morgan Kaufmann}
}

@book{myatt2009making,
  title={Making sense of data 2},
  author={Myatt, G.J. and Johnson, W.P.},
  volume={2},
  year={2009},
  publisher={Wiley}
}

@INPROCEEDINGS{Wong2007,
  author = {Wong, W.E. and Yu Qi and Lei Zhao and Kai-Yuan Cai},
  title = {Effective Fault Localization using Code Coverage},
  booktitle = {Computer Software and Applications Conference, 2007. COMPSAC 2007.
	31st Annual International},
  year = {2007},
  volume = {1},
  pages = {449--456},
  month = {july},
  doi = {10.1109/COMPSAC.2007.109},
  issn = {0730-3157},
  keywords = {Siemens suite;code coverage-based fault localization;program bug localization;program
	bug location;search domain;suspicious code;codes;fault tolerant computing;program
	debugging;},
  url = {http://ieeexplore.ieee.org/xpl/freeabs\_all.jsp?arnumber=4291037}
}

@INPROCEEDINGS{Abreu2007,
  author = {Abreu, R. and Zoeteweij, P. and van Gemund, A.J.C.},
  title = {On the Accuracy of Spectrum-based Fault Localization},
  booktitle = {Testing: Academic and Industrial Conference Practice and Research
	Techniques - MUTATION, 2007. TAICPART-MUTATION 2007},
  year = {2007},
  pages = {89--98},
  month = {sept.},
  doi = {10.1109/TAIC.PART.2007.13},
  keywords = {light-weight automated diagnosis technique;low-quality error observations;spectrum-based
	fault localization;test data analysis;test-diagnose-repair cycle;program
	debugging;program diagnostics;program testing;},
  url = {http://ieeexplore.ieee.org/xpl/freeabs\_all.jsp?arnumber=4344104}
}

@MASTERSTHESIS{gonzalez2007,
  author = {Alberto Gonz\'alez},
  title = {Automatic Error Detection Techniques based on Dynamic Invariants},
  school = {Delft University of Technology},
  year = {2007},
  url = {www.st.ewi.tudelft.nl/~albgonz/pub/mscthesis.pdf}
}

@article{renieris2003, 
  author={Renieris, Manos and Reiss, Steven P}, 
  title={Fault localization with nearest neighbor queries}, 
  volume={0}, 
  url={http://ieeexplore.ieee.org/lpdocs/epic03/wrapper.htm?arnumber=1240292}, 
  journal={18th IEEE International Conference on Automated Software Engineering 2003 Proceedings}, 
  publisher={IEEE Comput. Soc}, 
  year={2003}, 
  pages={30--39}
}

@article{harrold1998,
 author = {Harrold, Mary Jean and Rothermel, Gregg and Wu, Rui and Yi, Liu},
 title = {An empirical investigation of program spectra},
 journal = {SIGPLAN Not.},
 issue_date = {July 1998},
 volume = {33},
 number = {7},
 month = jul,
 year = {1998},
 issn = {0362-1340},
 pages = {83--90},
 numpages = {8},
 url = {http://doi.acm.org/10.1145/277633.277647},
 doi = {10.1145/277633.277647},
 acmid = {277647},
 publisher = {ACM},
 address = {New York, NY, USA},
}

@inproceedings{dickinson2001,
 author = {Dickinson, William and Leon, David and Podgurski, Andy},
 title = {Finding failures by cluster analysis of execution profiles},
 booktitle = {Proceedings of the 23rd International Conference on Software Engineering},
 series = {ICSE '01},
 year = {2001},
 isbn = {0-7695-1050-7},
 location = {Toronto, Ontario, Canada},
 pages = {339--348},
 numpages = {10},
 url = {http://dl.acm.org/citation.cfm?id=381473.381509},
 acmid = {381509},
 publisher = {IEEE Computer Society},
 address = {Washington, DC, USA},
 keywords = {beta testing, cluster analysis, multidimensional scaling, observation-based testing, operational testing, software testing},
}

@inproceedings{elbaum2001,
 author = {Elbaum, Sebastian and Gable, David and Rothermel, Gregg},
 title = {The Impact of Software Evolution on Code Coverage Information},
 booktitle = {Proceedings of the International Conference on Software Maintenance},
 series = {ICSM '01},
 year = {2001},
 location = {Florence, Italy},
 pages = {170--179},
 numpages = {10},
 publisher = {IEEE},
} 

@INPROCEEDINGS{Abreu2008,
  author = {Abreu, Rui and Zoeteweij, Peter and van Gemund, Arjan J. C.},
  title = {An observation-based model for fault localization},
  booktitle = {Proceedings of the 2008 international workshop on dynamic analysis:
	held in conjunction with the ACM SIGSOFT International Symposium
	on Software Testing and Analysis (ISSTA 2008)},
  year = {2008a},
  series = {WODA '08},
  pages = {64--70},
  address = {New York, NY, USA},
  publisher = {ACM},
  doi = {http://doi.acm.org/10.1145/1401827.1401841},
  isbn = {978-1-60558-054-8},
  keywords = {model-based diagnosis, program spectra, software fault diagnosis,
	test data analysis},
  location = {Seattle, Washington},
  numpages = {7},
  url = {http://doi.acm.org/10.1145/1401827.1401841}
}

@Article{chaim2013,
 author = {Marcos Lordello Chaim and Roberto Paulo Andrioli de Araujo},
 title = {An efficient bitwise algorithm for intra-procedural data-flow testing coverage},
 journal = {Information Processing Letters},
 year = {2013},
 OPTkey = {},
 volume = {113},
 number = {8},
 pages = {293-300},
 month = {April},
 OPTnote = {},
 OPTannote = {},
 OPTurl = {},
 doi = {10.1016/j.ipl.2013.02.007},
 OPTissn = {},
 OPTlocalfile = {},
 OPTabstract = {},
}

@article{chaim04DRT,
  author    = {Marcos Lordello Chaim and
               Jos{\'e} Carlos Maldonado and
               Mario Jino},
  title     = {A debugging strategy based on the requirements of testing},
  journal   = {Journal of Software Maintenance},
  volume    = {16},
  number    = {4-5},
  year      = {2004},
  pages     = {277-308},
  ee        = {http://dx.doi.org/10.1002/smr.297},
  bibsource = {DBLP, http://dblp.uni-trier.de}
}

@inproceedings{santelices09dataflow,
  author    = {Ra{\'u}l A. Santelices and
               James A. Jones and
               Yanbing Yu and
               Mary Jean Harrold},
  title     = {Lightweight fault-localization using multiple coverage types},
  booktitle = {ICSE},
  year      = {2009},
  pages     = {56-66},
  ee        = {http://dx.doi.org/10.1109/ICSE.2009.5070508},
  crossref  = {DBLP:conf/icse/2009},
  bibsource = {DBLP, http://dblp.uni-trier.de}
}
@proceedings{DBLP:conf/icse/2009,
  title     = {31st International Conference on Software Engineering, ICSE
               2009, May 16-24, 2009, Vancouver, Canada, Proceedings},
  booktitle = {ICSE},
  publisher = {IEEE},
  year      = {2009},
  isbn      = {978-1-4244-3452-7},
  bibsource = {DBLP, http://dblp.uni-trier.de}
}

@inproceedings{reiss2012code,
  title={Code bubbles: a practical working-set programming environment},
  author={Reiss, Steven P and Bott, Jared N and LaViola, JJ},
  booktitle={Software Engineering (ICSE), 2012 34th International Conference on},
  pages={1411--1414},
  year={2012},
  organization={IEEE}
}

@article{friendly2001milestones,
  title={Milestones in the history of thematic cartography, statistical graphics, and data visualization},
  author={Friendly, Michael and Denis, Daniel J},
  journal={Accessed: March},
  volume={18},
  pages={2010},
  year={2001}
}

@article{friendly2008brief,
  title={A brief history of data visualization},
  author={Friendly, Michael},
  journal={Handbook of data visualization},
  pages={15--56},
  year={2008},
  publisher={Springer}
}

@article{playfair1786commercial,
  title={Commercial and political atlas: Representing, by copper-plate charts, the progress of the commerce, revenues, expenditure, and debts of England, during the whole of the eighteenth century},
  author={Playfair, William},
  journal={Corry, London. Republished in The Commercial and Political Atlas and Statistical Breviary},
  year={1786}
}

@book{playfair1801statistical,
  title={The Statistical Breviary: Shewing, on a Principle Entirely New, the Resources of Every State and Kingdom in Europe; Illustrated with Stained Copper-plate Charts the Physical Powers of Each Distinct Nation with Ease and Perspicuity: to which is Added, a Similar Exhibition of the Ruling Powers of Hindoostan},
  author={Playfair, William},
  year={1801},
  publisher={T. Bensley, Bolt Court, Fleet Street}
}

@book{diehl2007software,
 author = {Diehl, Stephan},
 title = {Software Visualization: Visualizing the Structure, Behaviour, and Evolution of Software},
 year = {2007},
 isbn = {3540465049},
 publisher = {Springer-Verlag New York, Inc.},
 address = {Secaucus, NJ, USA},
} 

@book{lanza2006object,
  title={Object-oriented metrics in practice: using software metrics to characterize, evaluate, and improve the design of object-oriented systems},
  author={Lanza, Michele and Marinescu, Radu},
  year={2006},
  publisher={Springer}
}

@book{stasko1997software,
  title={Software visualization},
  author={Stasko, John T and Brown, Marc H and Price, Blaine A},
  year={1997},
  publisher={MIT press}
}

@book{lakoff1980metaphors,
  title={Metaphors we live by},
  author={Lakoff, George and Johnson, Mark},
  volume={111},
  year={1980},
  publisher={Chicago London}
}

@article{indurkhya1994thesis,
  title={The thesis that all knowledge is metaphorical and meanings of metaphor},
  author={Indurkhya, Bipin},
  journal={Metaphor and Symbol},
  volume={9},
  number={1},
  pages={61--73},
  year={1994},
  publisher={Taylor \& Francis}
}

@book{helander1997handbook,
  title={Handbook of human-computer interaction},
  author={Helander, Martin G and Landauer, Thomas K and Prabhu, Prasad V},
  year={1997},
  publisher={North Holland}
}

@book{dix2004human,
  title={Human-computer interaction},
  author={Dix, Alan},
  year={2004},
  publisher={Prentice hall}
}

@book{few2006information,
  title={Information dashboard design},
  author={Few, Stephen},
  year={2006},
  publisher={O'Reilly}
}

@book{wandell1995foundations,
  title={Foundations of vision.},
  author={Wandell, Brian A},
  year={1995},
  publisher={Sinauer Associates}
}

@article{treisman1988feature,
  title={Feature analysis in early vision: evidence from search asymmetries.},
  author={Treisman, Anne and Gormican, Stephen},
  journal={Psychological review},
  volume={95},
  number={1},
  pages={15},
  year={1988},
  publisher={American Psychological Association}
}

@book{ware2008visual,
  title={Visual thinking for design},
  author={Ware, Colin},
  year={2008},
  publisher={Morgan Kaufmann Pub}
}

@article{mackinlay1986automating,
  title={Automating the design of graphical presentations of relational information},
  author={Mackinlay, Jock},
  journal={ACM Transactions on Graphics (TOG)},
  volume={5},
  number={2},
  pages={110--141},
  year={1986},
  publisher={ACM}
}

@book{thoughtworks2012thoughtworks,
  title={Thoughtworks Anthology, Volume 2: More Essays on Software Technology and Innovation},
  author={ThoughtWorks Inc.},
  number={v. 2},
  isbn={9781937785000},
  url={http://books.google.com.br/books?id=0hRvMAEACAAJ},
  year={2012},
  publisher={Pragmatic Bookshelf}
}

@article{kitchenham2004procedures,
  title={Procedures for performing systematic reviews},
  author={Kitchenham, B.},
  journal={Keele, UK, Keele University},
  volume={33},
  pages={2004},
  year={2004}
}

@article{biolchini2005systematic,
  title={Systematic review in software engineering},
  author={Biolchini, J. and Mian, P.G. and Natali, A.C.C. and Travassos, G.H.},
  journal={System Engineering and Computer Science Department COPPE/UFRJ, Technical Report ES},
  volume={679},
  number={05},
  year={2005}
}

@inproceedings{zamboni2010start,
  title={StArt Uma Ferramenta Computacional de Apoio {\`a} Revis{\~a}o Sistem{\'a}tica},
  author={Zamboni, AB and Di Thommazo, A. and Hernandes, ECM and Fabbri, S.},
  booktitle={Proc.: Congresso Brasileiro de Software (CBSoft'10), Salvador, Brazil},
  year={2010}
}

@article{healey1996high,
  title={High-speed visual estimation using preattentive processing},
  author={Healey, Christopher G and Booth, Kellogg S and Enns, James T},
  journal={ACM Transactions on Computer-Human Interaction (TOCHI)},
  volume={3},
  number={2},
  pages={107--135},
  year={1996},
  publisher={ACM}
}

@ARTICLE{ieee2010vocabulary,
author={IEEE},
journal={ISO/IEC/IEEE 24765:2010(E)}, title={Systems and software engineering -- Vocabulary},
year={2010}, 
pages={1-418}, 
keywords={IEEE standards;ISO standards;software engineering;IEEE Computer Society;IEEE Standard Glossary of Software Engineering Terminology;IEEE Std 610.12-1990;International Standard;Project Management Institute;information technology field;systems engineering;Dictionaries;IEC standards;IEEE standards;ISO standards;Software engineering;computer;dictionary;information technology;software engineering;systems engineering;terminology;vocabulary}, 
doi={10.1109/IEEESTD.2010.5733835},}

@ARTICLE{ieee1990glossary,
author={IEEE},
journal={IEEE Std 610.12-1990}, title={IEEE Standard Glossary of Software Engineering Terminology}, 
year={1990}, 
pages={1-84}, 
keywords={glossaries;software engineering;standards;IEEE Std 610.12-1990;software engineering terminology;standard glossary;Software engineering;Standards;Terminology;Definitions;Software engineering;dictionary;glossary;terminology}, 
doi={10.1109/IEEESTD.1990.101064},}


@Misc{naval1947bug,
  author = {Naval Surface Warfare Center},
  title= {IMDb Alternative Interfaces},
  howpublished = {\url{http://www.history.navy.mil/photos/images/h96000/h96566kc.htm}},
  month={September},
  year={1947}
}

@inproceedings{knight2000virtual,
  title={Virtual but visible software},
  author={Knight, Claire and Munro, Malcolm},
  booktitle={Information Visualization, 2000. Proceedings. IEEE International Conference on},
  pages={198--205},
  year={2000},
  organization={IEEE}
}

@article{laramee2011read,
  title={How to Read a Visualization Research Paper: Extracting the Essentials},
  author={Laramee, Robert S},
  journal={Computer Graphics and Applications, IEEE},
  volume={31},
  number={3},
  pages={78--82},
  year={2011},
  publisher={IEEE}
}

@Misc{zaninotto2013codeflowers,
  author = {Fran�ois Zaninotto},
  title= {CodeFlower Source code visualization},
  howpublished = {\url{http://redotheweb.com/CodeFlower/}},
  month={April},
  year={2013}
}

@Misc{humphrey1999bugs,
  author = {Watts S. Humphrey},
  title= {Bugs or Defects?},
  howpublished = {\url{http://www.sei.cmu.edu/library/abstracts/news-at-sei/wattsmar99.cfm}},
  month={May},
  year={2013}
}

@inproceedings{caudwell2010gource,
  title={Gource: visualizing software version control history},
  author={Caudwell, Andrew H},
  booktitle={Proceedings of the ACM international conference companion on Object oriented programming systems languages and applications companion},
  pages={73--74},
  year={2010},
  organization={ACM}
}

@book{buxton1970software,
  title={Software Engineering Techniques: Report on a Conference Sponsored by the NATO Science Committee},
  author={Buxton, JN and Randell, Brian and others},
  year={1970},
  publisher={NATO Science Committee; available from Scientific Affairs Division, NATO}
}

@inproceedings{shneiderman1996eyes,
  title={The eyes have it: A task by data type taxonomy for information visualizations},
  author={Shneiderman, Ben},
  booktitle={Visual Languages, 1996. Proceedings., IEEE Symposium on},
  pages={336--343},
  year={1996},
  organization={IEEE}
}

@inproceedings{van1999cushion,
  title={Cushion treemaps: Visualization of hierarchical information},
  author={Van Wijk, Jarke J and Van de Wetering, Huub},
  booktitle={Information Visualization, 1999.(Info Vis' 99) Proceedings. 1999 IEEE Symposium on},
  pages={73--78},
  year={1999},
  organization={IEEE}
}

@MastersThesis{souza2012depuracao,
  author = 	 {Souza, Higor Amario de},
  title = 	 {Depura��o de programas baseada em cobertura de integra��o},
  school = 	 {Escola de Artes, Ci�ncias e Humanidades --- Universidade de S�o Paulo},
  year = 	 {2012},
  OPTnote = {\url{http://www.teses.usp.br/teses/disponiveis/100/100131/tde-08032013-162246/}}
}

@book{sowizral1997java,
  title={The Java 3D API Specification},
  author={Sowizral, Kevin and Rushforth, Kevin and Sowizral, Henry},
  year={1997},
  publisher={Addison-Wesley Longman Publishing Co., Inc.}
}

@article{zhang2009non,
  title={Is non-parametric hypothesis testing model robust for statistical fault localization?},
  author={Zhang, Zhenyu and Chan, WK and Tse, TH and Hu, Peifeng and Wang, Xinming},
  journal={Information and Software Technology},
  volume={51},
  number={11},
  pages={1573--1585},
  year={2009},
  publisher={Elsevier}
}

@article{carpendale2003considering,
  title={Considering visual variables as a basis for information visualisation},
  author={Carpendale, MST},
  journal={Computer Science TR\# 2001-693},
  volume={16},
  year={2003}
}

@Misc{energy2012short,
  author = {Energy Information Administration},
  title= {Short-Term Energy Outlook},
  howpublished = {\url{http://www.eei.org/ourissues/EnergyEfficiency/Documents/Prices_graph_2012.pdf}},
  month={February},
  year={2012}
}

@Misc{citc2013organizational,
  author = {Communications and Information Technology Commission},
  title= {Organizational Structure},
  howpublished = {\url{http://www.citc.gov.sa/English/AboutUs/Pages/OrgStructure.aspx}},
  month={May},
  year={2013}
}

@Misc{johnson2012election,
  author = {Johnson, Richard and Rivait, Jonathon and Barr, Andrew},
  title= {U.S. 2012 election results},
  howpublished = {\url{http://news.nationalpost.com/2012/11/07/graphic-u-s-2012-election-results/}},
  month={November},
  year={2012}
}

@inproceedings{grove1997call,
  title={Call graph construction in object-oriented languages},
  author={Grove, David and DeFouw, Greg and Dean, Jeffrey and Chambers, Craig},
  booktitle={ACM SIGPLAN Notices},
  volume={32},
  number={10},
  pages={108--124},
  year={1997},
  organization={ACM}
}

@article{ryder1979constructing,
  title={Constructing the call graph of a program},
  author={Ryder, Barbara G.},
  journal={Software Engineering, IEEE Transactions on},
  number={3},
  pages={216--226},
  year={1979},
  publisher={IEEE}
}

@book{cormen2001introduction,
  title={Introduction to algorithms},
  author={Cormen, Thomas H and Leiserson, Charles E and Rivest, Ronald L and Stein, Clifford},
  year={2001},
  publisher={MIT press}
}

@book{tufte1983visual,
  title={The visual display of quantitative information},
  author={Tufte, Edward R and Graves-Morris, PR},
  volume={2},
  year={1983},
  publisher={Graphics press Cheshire, CT}
}

@article{beck2001agile,
  title={The agile manifesto},
  author={Beck, Kent and Beedle, Mike and van Bennekum, Arie and Cockburn, Alistair and Cunningham, Ward and Fowler, Martin and Grenning, James and Highsmith, Jim and Hunt, Andrew and Jeffries, Ron and others},
  journal={The agile alliance},
  volume={200},
  number={1},
  year={2001}
}

@misc{furmankiewicz2008eclipse,
  title={Eclipse, NetBeans, and IntelliJ: Assesing the Survivors of the Java IDE Wars},
  author={Furmankiewicz, J},
  year={2008}
}

@misc{eclipse2014eclipse,
  title={Eclipse IDE},
  author={Eclipse Foundation},
  year={2014},
  howpublished = {\url{http://eclipse.org}}
}

@misc{netbeans2014netbeans,
  title={NetBeans IDE},
  author={Oracle Corporation},
  year={2014},
  howpublished = {\url{http://netbeans.org}}
}


@misc{jetbrains2014intellij,
  title={IntelliJ IDEA IDE},
  author={JetBrains},
  year={2014},
  howpublished = {\url{http://www.jetbrains.com/idea/}}
}

@article{geer2005eclipse,
  title={Eclipse becomes the dominant Java IDE},
  author={Geer, David},
  journal={Computer},
  volume={38},
  number={7},
  pages={16--18},
  year={2005},
  publisher={IEEE}
}

@Misc{rebel2012productivity,
  author = {Jevgeni Kabanov},
  title= {The 2011 Turnaround, Container and Tools Pre-Report Snapshot?},
  howpublished = {\url{http://zeroturnaround.com/rebellabs/developer-productivity-report-2012-java-tools-tech-devs-and-data/4/}},
  month={May},
  year={2012}
}

@article{sowizral1999java,
  title={The Java 3D API and virtual reality},
  author={Sowizral, Henry A and Deering, Michael F},
  journal={Computer Graphics and Applications, IEEE},
  volume={19},
  number={3},
  pages={12--15},
  year={1999},
  publisher={IEEE}
}

@Misc{amazon2014java3d,
  author = {Amazon.com},
  title= {Books - Computers \& Technology - Programming - Graphics \& Multimedia - "java3d"},
  howpublished = {\url{http://www.amazon.com/s/ref=sr_nr_n_1?rh=n%3A3916%2Ck%3Ajava3d&keywords=java3d}},
  day={21},
  month={January},
  year={2014}
}

@Misc{amazon2014eclipse,
  author = {Amazon.com},
  title= {Books - Computers \& Technology - Programming - Languages \& Tools - "eclipse"},
  howpublished = {\url{http://www.amazon.com/s/ref=sr_nr_n_0?rh=n%3A283155%2Cn%3A5%2Cn%3A3952%2Ck%3Aeclipse&keywords=eclipse}},
  day={21},
  month={January},
  year={2014}
}

@Misc{amazon2014netbeans,
  author = {Amazon.com},
  title= {Books - Computers \& Technology - Programming - Languages \& Tools - "netbeans"},
  howpublished = {\url{http://www.amazon.com/s/ref=nb_sb_noss_1?url=node%3D3952&field-keywords=netbeans&rh=n%3A283155%2Cn%3A5%2Cn%3A3839%2Cn%3A3952%2Ck%3Anetbeans}},
  day={21},
  month={January},
  year={2014}
}

@Misc{amazon2014intellij,
  author = {Amazon.com},
  title= {Books - Computers \& Technology - Programming - Languages \& Tools - "intellij"},
  howpublished = {\url{http://www.amazon.com/s/ref=nb_sb_noss_2?url=node%3D3952&field-keywords=intellij&rh=n%3A283155%2Cn%3A5%2Cn%3A3839%2Cn%3A3952%2Ck%3Aintellij}},
  day={21},
  month={January},
  year={2014}
}

@article{myers1998brief,
  title={A brief history of human-computer interaction technology},
  author={Myers, Brad A},
  journal={interactions},
  volume={5},
  number={2},
  pages={44--54},
  year={1998},
  publisher={ACM}
}

@book{clayberg2008eclipse,
  title={eclipse Plug-ins},
  author={Clayberg, Eric and Rubel, Dan},
  year={2008},
  publisher={Pearson Education}
}

@Misc{taft2014luna,
  author = {Taft, Darryl},
  title= {Eclipse Luna Coordinated Release Train Ships},
  howpublished = {\url{http://www.eweek.com/developer/eclipse-luna-coordinated-release-train-ships.html}},
  day={25},
  month={June},
  year={2014}
}

@book{brownwilson2011archoss,
    abstract = {{Architects look at thousands of buildings during their training, and study critiques of those buildings written by masters. In contrast, most software developers only ever get to know a handful of large programs well - usually programs they wrote themselves - and never study the great programs of history. As a result, they repeat one another's mistakes rather than building on one another's successes. This book's goal is to change that. In it, the authors of twenty-five open source applications explain how their software is structured, and why. What are each program's major components? How do they interact? And what did their builders learn during their development? In answering these questions, the contributors to this book provide unique insights into how they think.}},
    author = {Brown, Amy and Wilson, Greg},
    day = {02},
    howpublished = {Paperback},
    isbn = {1257638017},
    keywords = {open-source, software-engineering},
    month = jun,
    pages = {432+},
    posted-at = {2011-10-14 12:17:38},
    priority = {2},
    publisher = {lulu.com},
    title = {{The Architecture Of Open Source Applications}},
    url = {http://www.aosabook.org/en/},
    year = {2011}
}

@Misc{eclipse2014architecture,
  author = {Eclipse Foundation},
  title= {Platform Plug-in Developer Guide - Programmer's Guide - Platform architecture},
  howpublished = {\url{http://help.eclipse.org/kepler/index.jsp?topic=%2Forg.eclipse.platform.doc.isv%2Fguide%2Farch.htm}},
  day={25},
  month={January},
  year={2014}
}

@book{blewitt2013eclipse,
  title={Eclipse 4 Plug-in Development by Example Beginner's Guide},
  author={Blewitt, A.},
  isbn={9781782160335},
  series={Open source : community experience distilled},
  url={http://books.google.com.br/books?id=6uimZjojweIC},
  year={2013},
  publisher={Packt Publishing}
}

@book{danjou2005java,
  title={The Java Developer's Guide to Eclipse},
  author={D'Anjou, J.},
  isbn={9780321305022},
  lccn={2004017885},
  url={http://books.google.com.br/books?id=6Ob1ANNVcXcC},
  year={2005},
  publisher={Addison-Wesley}
}

@book{hall2011osgi,
  title={OSGi in Action: Creating Modular Applications in Java},
  author={Hall, R.S. and Pauls, K. and McCulloch, S.},
  isbn={9781933988917},
  lccn={2011283913},
  series={In Action},
  url={http://books.google.com.br/books?id=y3lPPgAACAAJ},
  year={2011},
  publisher={Manning Publications Company}
}

@book{castroalves2011osgi,
  title={Osgi in Depth},
  author={De Castro Alves, A.},
  isbn={9781935182177},
  lccn={2011284960},
  series={Manning Pubs Co Series},
  url={http://books.google.com.br/books?id=RKxIYgEACAAJ},
  year={2011},
  publisher={Manning Publications Company}
}

@book{erik2008color,
  title={Color Imaging: Fundamentals and Applications},
  author={Erik Reinhard and Erum Arif Khan and Ahmet Oguz Akyuz},
  isbn={9781568813448},
  lccn={2007015704},
  series={Ak Peters Series},
  url={http://books.google.com.br/books?id=79-V0\_TElg4C},
  year={2008},
  publisher={Taylor \& Francis}
}

@inproceedings{smith20013d,
  title={3D scene manipulation with 2D devices and constraints},
  author={Smith, Graham and Stuerzlinger, Wolfgang and Salzman, Tim and Watson, B and Buchanan, J},
  booktitle={Graphics Interface},
  volume={1},
  pages={135--142},
  year={2001}
}

@inproceedings{hanson1997constrained,
  title={Constrained 3D navigation with 2D controllers},
  author={Hanson, Andrew J and Wernert, Eric A},
  booktitle={Visualization'97., Proceedings},
  pages={175--182},
  year={1997},
  organization={IEEE}
}

@article{lee2005javancss,
  title={JavaNCSS-a source measurement suite for Java},
  author={Lee, Clemens},
  year={2005}
}

@incollection {britton2013reversible,
   author = {T. Britton, L. Jeng, G. Carver, P. Cheak, and T. Katzenellenbogen},
   affiliation = {Judge Business School},
   title = {Reversible Debugging Software},
   booktitle = {Technical report},
   publisher = {University of Cambridge},
   url = {goo.gl/KzJd3g},
   year = {2013}
}

@article{walnes2005xstream,
  title={XStream},
  author={Walnes, Joe and Schaible, J and Talevi, M and Silveira, G and others},
  journal={URL: http://xstream.codehaus.org},
  year={2005}
}

@misc{commons2013math,
  title={Math-Commons Math: The Apache Commons Mathematics Library},
  author={Commons, Apache},
  year={2013}
}

@inproceedings{campos2012gzoltar,
  title={GZoltar: an eclipse plug-in for testing and debugging},
  author={Campos, Jos{\'e} and Riboira, Andr{\'e} and Perez, Alexandre and Abreu, Rui},
  booktitle={Proceedings of the 27th IEEE/ACM International Conference on Automated Software Engineering},
  pages={378--381},
  year={2012},
  organization={ACM}
}

@misc{hoffmann2009eclemma,
  title={Eclemma-java code coverage for eclipse},
  author={Hoffmann, Marc R},
  year={2009}
}

@misc{gamma2006junit,
  title={JUnit},
  author={Gamma, Erich and Beck, Kent},
  year={2006}
}

@misc{lucene2005apache,
  title={Apache software foundation},
  author={Lucene, Apache},
  year={2005}
}

@article{albaum1997likert,
  title={The Likert scale revisited},
  author={Albaum, Gerald},
  journal={Journal-Market research society},
  volume={39},
  pages={331--348},
  year={1997},
  publisher={MARKET RESEARCH SOC}
}

@inproceedings{abreu2006evaluation,
  title={An evaluation of similarity coefficients for software fault localization},
  author={Abreu, Rui and Zoeteweij, Peter and Van Gemund, Arjan JC},
  booktitle={Dependable Computing, 2006. PRDC'06. 12th Pacific Rim International Symposium on},
  pages={39--46},
  year={2006},
  organization={IEEE}
}
